<record><leader>00000cas a22000007a 4500</leader><controlfield tag="001">15566227</controlfield><controlfield tag="008">870422d19661966inucr ne      0    0eng d</controlfield><datafield ind1=" " ind2=" " tag="010"><subfield code="a">sn 87055773 </subfield></datafield><datafield ind1=" " ind2=" " tag="040"><subfield code="a">NPI</subfield><subfield code="b">eng</subfield><subfield code="c">NPI</subfield><subfield code="d">OCLCQ</subfield></datafield><datafield ind1=" " ind2=" " tag="042"><subfield code="a">msc</subfield></datafield><datafield ind1="0" ind2=" " tag="130"><subfield code="a">Times (Mishawaka, Ind.)</subfield></datafield><datafield ind1="1" ind2="4" tag="245"><subfield code="a">The times.</subfield></datafield><datafield ind1=" " ind2=" " tag="260"><subfield code="a">Mishawaka, Ind. :</subfield><subfield code="b">[Truth Pub. Co.],</subfield><subfield code="c">1966.</subfield></datafield><datafield ind1=" " ind2=" " tag="310"><subfield code="a">Semiweekly</subfield></datafield><datafield ind1="0" ind2=" " tag="362"><subfield code="a">Vol. 5, no. 147 (Mar. 2, 1966)-v. 6, no. 9 (Oct. 5, 1966).</subfield></datafield><datafield ind1=" " ind2=" " tag="752"><subfield code="a">United States</subfield><subfield code="b">Indiana</subfield><subfield code="c">Saint Joseph</subfield><subfield code="d">Mishawaka.</subfield></datafield><datafield ind1="0" ind2="0" tag="780"><subfield code="t">Mishawaka times</subfield><subfield code="w">(DLC)sn 87055771</subfield></datafield></record>